@article{mavroeidis2018impact,
  title={The impact of quantum computing on present cryptography},
  author={Mavroeidis, Vasileios and Vishi, Kamer and Zych, Mateusz D and J{\o}sang, Audun},
  journal={arXiv preprint arXiv:1804.00200},
  year={2018}
}

@article{conferencePaper,
  title={The monetary transmission mechanism in the euro area: more evidence from var analysis (mtn conference paper)},
  author={Peersman, Gert and Smets, Frank},
  journal={Available at SSRN 356269},
  year={2001}
}

@techreport{techReport,
  title={Nonlinear quadrocopter attitude control: Technical report},
  author={Brescianini, Dario and Hehn, Markus and D'Andrea, Raffaello},
  year={2013},
  institution={ETH Zurich}
}

@article{shor1998quantum,
  title={Quantum computing},
  author={Shor, Peter W},
  journal={Documenta Mathematica},
  volume={1},
  number={1000},
  pages={467--486},
  year={1998},
  publisher={Universi{\"a}t Bielefeld, Fakult{\"a}t f{\"u}r Mathematik}
}

@article{goldwasser1996lecture,
  title={Lecture notes on cryptography},
  author={Goldwasser, Shafi and Bellare, Mihir},
  journal={Summer course “Cryptography and computer security” at MIT},
  volume={1999},
  pages={1999},
  year={1996}
}

@article{torchiani2015einfuhrung,
  title={Einf{\"u}hrung in die Kryptographie sowie die Informations-und Codierungstheorie},
  author={Torchiani, Carolin and Helmling, Michael},
  year={2015}
}

@book{buchmann2004introduction,
  title={Introduction to cryptography},
  author={Buchmann, Johannes},
  volume={335},
  year={2004},
  publisher={Springer}
}

@misc{Uhl2022Krypto,
    title={Einführung in Kryptographie \& IT-Sicherheit},
    author={Andreas Uhl},
    year={2024},
}

@book{CryptoHandbook,
  title={Handbook of applied cryptography},
  author={Menezes, Alfred J and Van Oorschot, Paul C and Vanstone, Scott A},
  year={2018},
  publisher={CRC press}
}

@misc{RSANumbers,
    title={RSA numbers},
    author={Wikipedia.org},
    howpublished={https://en.wikipedia.org/wiki/RSA_numbers},
    note={Letzter Zugriff: 30.03.2024}
}

@misc{RSA250,
    title={RSA-250 Factores},
    author={www.schneier.com},
    howpublished={https://www.schneier.com/blog/archives/2020/04/rsa-250_factore.html},
    note={Letzter Zugriff: 30.03.2024}
}

@misc{Enigma,
    title={Geheimsache Enigma},
    author={Pensold, Wolfgang and Moritsch, Oscar},
    howpublished={https://www.technischesmuseum.at/produkt/geheimsache_enigma}
}

@article{quantum2010,
  title={Quantum computers},
  author={Ladd, Thaddeus D and Jelezko, Fedor and Laflamme, Raymond and Nakamura, Yasunobu and Monroe, Christopher and O’Brien, Jeremy Lloyd},
  journal={nature},
  volume={464},
  number={7285},
  pages={45--53},
  year={2010},
  publisher={Nature Publishing Group UK London}
}

@article{quantum1998,
  title={Quantum computing},
  author={Steane, Andrew},
  journal={Reports on Progress in Physics},
  volume={61},
  number={2},
  pages={117},
  year={1998},
  publisher={IOP Publishing}
}

@misc{TuringWiki,
    title={Turing-Vollständigkeit},
    author={Wikipedia.org},
    howpublished={https://de.wikipedia.org/wiki/Turing-Vollständigkeit},
    note={Letzter Zugriff: 19.03.2024}
}

@Inbook{Lemmer2017,
author="Lemmer, Boris
and Bahr, Benjamin
and Piccolo, Rina",
title="Das Doppelspalt-Experiment",
bookTitle="Quirky Quarks: Mit Cartoons durch die unglaubliche Welt der Physik",
year="2017",
publisher="Springer Berlin Heidelberg",
address="Berlin, Heidelberg",
pages="151--154",
abstract="Quantenmechanik ist schr{\"a}g. Richard Feyman sagte {\"u}ber sie „Niemand versteht sie``. Damit meinte er {\"u}brigens nicht, dass man mit den Gesetzen der Quantenmechanik keine genauen Vorhersagen machen k{\"o}nne -- das geht schon. Er meinte vielmehr, dass die Gesetze selbst ziemlich seltsam seien. Sie stellen sich gegen das Verst{\"a}ndnis, das wir von Natur aus {\"u}ber unsere Umwelt haben.",
isbn="978-3-662-50259-4",
doi="10.1007/978-3-662-50259-4_37",
url="https://doi.org/10.1007/978-3-662-50259-4_37"
}


@misc{KollapsWiki,
    title={Kollaps der Wellenfunktion},
    author={Wikipedia.org},
    howpublished={https://de.wikipedia.org/wiki/Kollaps\_der\_Wellenfunktion},
    note={Letzter Zugriff: 19.03.2024}
}

@article{QuantAktuell,
    author = {Bundesamt für Sicherheit in der Informationstechnik},
    title = {Entwicklungsstand Quantencomputer},
    howpublished = {https://www.bsi.bund.de/DE/Themen/Unternehmen-und-Organisationen/Informationen-und-Empfehlungen/Quantentechnologien-und-Post-Quanten-Kryptografie/Entwicklungsstand-Quantencomputer/entwicklungsstand-quantencomputer_node.html},
    year = {2023}
}

%IMAGE SOURCES

@misc{ImgQubit,
    title={Qubit},
    author={devopedia.org},
    howpublished={https://devopedia.org/qubit},
    note={Letzter Zugriff: 19.03.2024}
}

@misc{ImgSchrodinger,
    title={Schrödingers Katze erhellt das Quantenreich},
    author={faz.net},
    howpublished={https://www.faz.net/aktuell/wissen/physik-mehr/die-seltsame-welt-der-atome-schroedingers-katze-erhellt-das-quantenreich-12529251/tot-und-lebendig-schroedingers-12535618.html},
    note={Letzter Zugriff: 19.03.2024}}